@book{Serway2014,
	title = {Physics for Scientists and Engineers with Modern Physics},
	author = {Raymond A. Serway and John W. Jewett, Jr.},
	year = 2014,
	location = {USA},
	publisher = {Cengage Learning},
	isbn = 9781133954057,
	lccn = 2012947242
}
